<record><leader>00000cas a22000007a 4500</leader><controlfield tag="001">12203684</controlfield><controlfield tag="008">850626d19781983mtuwr ne      0    0eng d</controlfield><datafield ind1=" " ind2=" " tag="010"><subfield code="a">sn 85053172 </subfield></datafield><datafield ind1=" " ind2=" " tag="040"><subfield code="a">MTL</subfield><subfield code="b">eng</subfield><subfield code="c">MTL</subfield><subfield code="d">OCLCQ</subfield></datafield><datafield ind1=" " ind2=" " tag="042"><subfield code="a">msc</subfield></datafield><datafield ind1="0" ind2=" " tag="130"><subfield code="a">High country news (Bozeman, Mont.)</subfield></datafield><datafield ind1="1" ind2="0" tag="245"><subfield code="a">High country news.</subfield></datafield><datafield ind1=" " ind2=" " tag="260"><subfield code="a">Bozeman, Mont. :</subfield><subfield code="b">Yellowstone Newspapers,</subfield><subfield code="c">1978-1983.</subfield></datafield><datafield ind1=" " ind2=" " tag="300"><subfield code="a">5 v. :</subfield><subfield code="b">ill. ;</subfield><subfield code="c">58 cm.</subfield></datafield><datafield ind1=" " ind2=" " tag="310"><subfield code="a">Weekly</subfield></datafield><datafield ind1="0" ind2=" " tag="362"><subfield code="a">Vol. 6, no. 24 (July 19, 1978)-v. 10, no. 48 (Jan. 26, 1983).</subfield></datafield><datafield ind1=" " ind2=" " tag="752"><subfield code="a">United States</subfield><subfield code="b">Montana</subfield><subfield code="c">Gallatin</subfield><subfield code="d">Bozeman.</subfield></datafield><datafield ind1="0" ind2="0" tag="780"><subfield code="t">High country (Bozeman, Mont.)</subfield><subfield code="w">(DLC)sn 85053162</subfield></datafield><datafield ind1="0" ind2="7" tag="785"><subfield code="t">Belgrade independent press</subfield><subfield code="w">(DLC)sn 84036299</subfield></datafield><datafield ind1="0" ind2="7" tag="785"><subfield code="t">High country independent press</subfield><subfield code="w">(DLC)sn 83009951</subfield></datafield></record>